@article{Ewald1921,
  author = {Ewald, P. P.},
  journal = {Annalen der Physik},
  year = {1921},
  volume = {64},
}
  %doi = {10.1002/andp.19213690304}
  %title = {Die Berechnung optischer und elektrostatischer Gitterpotentiale},
  %pages = {253--287},
@book{hockney2021computer,
  title={Computer simulation using particles},
  author={Hockney, Roger W and Eastwood, James W},
  year={2021},
  publisher={crc Press}
}
@book{prautzsch2002bezier,
  title={B{\'e}zier and B-spline techniques},
  author={Prautzsch, Hartmut and Boehm, Wolfgang and Paluszny, Marco},
  year={2002},
  publisher={Springer Science \& Business Media}
}
@article{huang2024pmc,
  title={PMC-IZ: A simple algorithm for the electrostatics calculation in slab geometric molecular dynamics simulations},
  author={Huang, Yu-Peng and Xia, Yijie and Yang, Lijiang and Gao, Yi Qin},
  journal={Journal of Chemical Theory and Computation},
  volume={20},
  number={2},
  pages={832--841},
  year={2024},
  publisher={ACS Publications}
}
@article{Brooks1989,
  author = {Brooks, Charles L.},
  year = {1989},
  title = {Computer simulation of liquids},
  journal = {Journal of Solution Chemistry},
  volume = {18},
  number = {1},
}
@article{frenkel2002understanding,
  title={Understanding molecular simulation},
  author={Frenkel, Daan and Smit, Berend},
  journal={Academic Press, San Diego,},
  volume={2},
  number={2.2},
  pages={2--5},
  year={2002},
  publisher={Elsevier}
}
@article{SPME,
    author = {Essmann, Ulrich and Perera, Lalith and Berkowitz, Max L. and Darden, Tom and Lee, Hsing and Pedersen, Lee G.},
    title = {A smooth particle mesh Ewald method},
    journal = {The Journal of Chemical Physics},
    volume = {103},
    number = {19},
    pages = {8577-8593},
    year = {1995},
    month = {11},
    issn = {0021-9606},
}
@article{kawata,
    author = {Kawata, Masaaki and Mikami, Masuhiro and Nagashima, Umpei},
    title = {Computationally efficient method to calculate the Coulomb interactions in three-dimensional systems with two-dimensional periodicity},
    journal = {The Journal of Chemical Physics},
    volume = {116},
    number = {8},
    pages = {3430-3448},
    year = {2002},
    month = {02},
}
@article{kawata2001rapid,
  title={Rapid calculation of two-dimensional Ewald summation},
  author={Kawata, Masaaki and Mikami, Masuhiro},
  journal={Chemical physics letters},
  volume={340},
  number={1-2},
  pages={157--164},
  year={2001},
  publisher={Elsevier}
}
@article{kawata2001particle,
  title={Particle mesh Ewald method for three-dimensional systems with two-dimensional periodicity},
  author={Kawata, Masaaki and Nagashima, Umpei},
  journal={Chemical Physics Letters},
  volume={340},
  number={1-2},
  pages={165--172},
  year={2001},
  publisher={Elsevier}
}
@article{FFTW05,
  author    = {Matteo Frigo and Steven G. Johnson},
  title     = {The Design and Implementation of {FFTW3}},
  journal   = {Proceedings of the IEEE},
  year      = {2005},
  volume    = {93},
  number    = {2},
  pages     = {216--231},
  doi       = {10.1109/JPROC.2004.840301}
}
@article{cordoba1988formule,
  title={La formule sommatoire de Poisson},
  author={C{\'o}rdoba, Antonio},
  journal={CR Acad. Sci. Paris, S{\'e}r. I: Math},
  volume={306},
  pages={373--376},
  year={1988}
}
@book{brigham1988fast,
  title={The fast Fourier transform and its applications},
  author={Brigham, E Oran},
  year={1988},
  publisher={Prentice-Hall, Inc.}
}
@book{schumaker2007spline,
  title={Spline functions: basic theory},
  author={Schumaker, Larry},
  year={2007},
  publisher={Cambridge university press}
}
@book{hennessy2017computer,
  title={Computer Architecture: A Quantitative Approach},
  author={Hennessy, John L. and Patterson, David A.},
  year={2017},
  edition={6},
  publisher={Morgan Kaufmann}
}
@book{pacheco2011introduction,
  title={An Introduction to Parallel Programming},
  author={Pacheco, Peter S.},
  year={2011},
  publisher={Morgan Kaufmann},
  address={San Francisco, CA}
}
@article{bracewell1966fourier,
  title={The Fourier transform and its applications},
  author={Bracewell, Ron and Kahn, Peter B},
  journal={American Journal of Physics},
  volume={34},
  number={8},
  pages={712--712},
  year={1966},
  publisher={American Association of Physics Teachers}
}

@misc{openmpwiki,
  author       = {{Wikipedia contributors}},
  title        = {OpenMP --- Wikipedia{,} the free encyclopedia},
  year         = 2025,
  howpublished = {\url{https://en.wikipedia.org/wiki/OpenMP}},
  note         = {Accessed: 2025-07-14}
}

@misc{VTUNE,
  author       = {{Wikipedia contributors}},
  title        = {VTune --- Wikipedia{,} the free encyclopedia},
  year         = 2025,
  howpublished = {\url{https://en.wikipedia.org/wiki/VTune}},
  note         = {Accessed: 2025-07-14}
}

@misc{fftw,
  author       = {Matteo Frigo and Steven G. Johnson},
  title        = {FFTW: Fastest Fourier Transform in the West},
  year         = 2025,
  howpublished = {\url{https://www.fftw.org/}},
  note         = {Accessed: 2025-07-14}
}

@misc{compsim,
  author       = {{Wikipedia contributors}},
  title        = {Computer simulation --- Wikipedia{,} the free encyclopedia},
  year         = 2025,
  howpublished = {\url{https://en.wikipedia.org/wiki/Computer_simulation}},
  note         = {Accessed: 2025-07-14}
}

@misc{MDsim,
  author       = {{Wikipedia contributors}},
  title        = {Molecular dynamics --- Wikipedia{,} the free encyclopedia},
  year         = 2025,
  howpublished = {\url{https://en.wikipedia.org/wiki/Molecular_dynamics}},
  note         = {Accessed: 2025-07-14}
}

@misc{erf,
  author       = {{Wikipedia contributors}},
  title        = {Error function --- Wikipedia{,} the free encyclopedia},
  year         = 2025,
  howpublished = {\url{https://en.wikipedia.org/wiki/Error_function}},
  note         = {Accessed: 2025-07-14}
}

@misc{zuckerman_2023,
 title={Molecular dynamics (Chapter 3)},
 url={osf.io/7nse6_v1},
 DOI={10.31219/osf.io/7nse6},
 publisher={OSF Preprints},
 author={Zuckerman, Daniel},
 year={2023},
 month={Apr}
}
@article{dipole-yeh-berkowitz,
    author = {Yeh, In-Chul and Berkowitz, Max L.},
    title = {Ewald summation for systems with slab geometry},
    journal = {The Journal of Chemical Physics},
    volume = {111},
    number = {7},
    pages = {3155-3162},
    year = {1999},
    month = {08},
    issn = {0021-9606},
    doi = {10.1063/1.479595},
    url = {https://doi.org/10.1063/1.479595},
    eprint = {https://pubs.aip.org/aip/jcp/article-pdf/111/7/3155/19041975/3155\_1\_online.pdf},
}
@article{de1979electrostatic,
  title={Electrostatic lattice sums for semi-infinite lattices},
  author={De Leeuw, Simon W and Perram, John W},
  journal={Molecular Physics},
  volume={37},
  number={4},
  pages={1313--1322},
  year={1979},
  publisher={Taylor \& Francis}
}
@article{de1968uniform,
  title={On uniform approximation by splines},
  author={De Boor, Carl},
  journal={J. Approx. Theory},
  volume={1},
  number={1},
  pages={219--235},
  year={1968}
}
@article{de1972calculating,
  title={On calculating with B-splines},
  author={De Boor, Carl},
  journal={Journal of Approximation theory},
  volume={6},
  number={1},
  pages={50--62},
  year={1972},
  publisher={Academic Press}
}

@inbook{EDLbook,
  author    = {Allen J. Bard and Larry R. Faulkner},
  title     = {Electrochemical Methods: Fundamentals and Applications},
  chapter   = {13},
  booktitle = {Electrochemical Methods: Fundamentals and Applications},
  edition   = {2},
  pages     = {534--580},
  publisher = {John Wiley \& Sons},
  year      = {2001}
}

@article{hollingsworth2018molecular,
  title={Molecular dynamics simulation for all},
  author={Hollingsworth, Scott A and Dror, Ron O},
  journal={Neuron},
  volume={99},
  number={6},
  pages={1129--1143},
  year={2018},
  publisher={Elsevier}
}
@ARTICLE{Heyes19771485,
	author = {Heyes, D.M. and Barber, M. and Clarke, J.H.R.},
	title = {Molecular dynamics computer simulation of surface properties of crystalline potassium chloride},
	year = {1977},
	journal = {Journal of the Chemical Society, Faraday Transactions 2: Molecular and Chemical Physics},
	volume = {73},
	number = {7},
	pages = {1485 – 1496},
	doi = {10.1039/F29777301485},
	url = {https://www.scopus.com/inward/record.uri?eid=2-s2.0-37049107693&doi=10.1039%2fF29777301485&partnerID=40&md5=bb273fc6107c308f5e89e1202a3d7839},
	type = {Article},
	publication_stage = {Final},
	source = {Scopus},
}
@article{PARRY1975433,
title = {The electrostatic potential in the surface region of an ionic crystal},
journal = {Surface Science},
volume = {49},
number = {2},
pages = {433-440},
year = {1975},
issn = {0039-6028},
doi = {https://doi.org/10.1016/0039-6028(75)90362-3},
url = {https://www.sciencedirect.com/science/article/pii/0039602875903623},
author = {D.E. Parry},
}
@incollection{simulation_of_liq,
    author = {Allen, Michael P. and Tildesley, Dominic J.},
    isbn = {9780198803195},
    title = {Long-range forces},
    booktitle = {Computer Simulation of Liquids},
    publisher = {Oxford University Press},
    year = {2017},
    month = {06},
    abstract = {A wide variety of special techniques for handling long-range forces are explained in this chapter. This includes the traditional Ewald sum, and the particle-mesh methods that use a discrete Fourier transform. A number of techniques based on spherical truncation such as the Wolf method, the isotropic periodic sum and the reaction field are also considered. Techniques for larger systems such as the fast-multipole method, the multilevel summation approach, and the direct solution of Maxwell’s equations, are explained. The advantages and disadvantages of the different approaches are reviewed, and a number of methods for tackling long-range forces in inhomogeneous systems, particularly in a slab geometry, are presented.},
    doi = {10.1093/oso/9780198803195.003.0006},
    url = {https://doi.org/10.1093/oso/9780198803195.003.0006},
    eprint = {https://academic.oup.com/book/0/chapter/203868536/chapter-pdf/51189545/oso-9780198803195-chapter-6.pdf},
}
@article{stillinger1960theory,
  title={Theory of the diffuse double layer},
  author={Stillinger Jr, Frank H and Kirkwood, John G},
  journal={The Journal of Chemical Physics},
  volume={33},
  number={5},
  pages={1282--1290},
  year={1960},
  publisher={American Institute of Physics}
}
@article{grahame1947electrical,
  title={The electrical double layer and the theory of electrocapillarity.},
  author={Grahame, David C},
  journal={Chemical reviews},
  volume={41},
  number={3},
  pages={441--501},
  year={1947},
  publisher={ACS Publications}
}
@article{helmholtz1853ueber,
  title={Ueber einige Gesetze der Vertheilung elektrischer Str{\"o}me in k{\"o}rperlichen Leitern, mit Anwendung auf die thierisch-elektrischen Versuche (Schluss.)},
  author={Helmholtz, H von},
  journal={Annalen der Physik},
  volume={165},
  number={7},
  pages={353--377},
  year={1853},
  publisher={Wiley Online Library}
}
@article{stern1924theorie,
  title={Zur theorie der elektrolytischen doppelschicht},
  author={Stern, Otto},
  journal={Zeitschrift f{\"u}r Elektrochemie und angewandte physikalische Chemie},
  volume={30},
  number={21-22},
  pages={508--516},
  year={1924},
  publisher={Wiley Online Library}
}
@article{dagum1998openmp,
    Author = {Dagum, Leonardo and Menon, Ramesh},
    Date-Added = {2014-07-24 11:13:01 +0000},
    Date-Modified = {2014-07-24 11:13:01 +0000},
    Journal = {Computational Science \& Engineering, IEEE},
    Number = {1},
    Pages = {46--55},
    Publisher = {IEEE},
    Title = {OpenMP: an industry standard API for shared-memory programming},
    Volume = {5},
    Year = {1998}}
@book{abramowitz1965handbook,
  title={Handbook of mathematical functions: with formulas, graphs, and mathematical tables},
  author={Abramowitz, Milton and Stegun, Irene A},
  volume={55},
  year={1965},
  publisher={Courier Corporation}
}
@article{tomdarden,
    author = {Darden, Tom and York, Darrin and Pedersen, Lee},
    title = {Particle mesh Ewald: An Nlog(N) method for Ewald sums in large systems},
    journal = {The Journal of Chemical Physics},
    volume = {98},
    number = {12},
    pages = {10089-10092},
    year = {1993},
    month = {06},
    issn = {0021-9606},
    doi = {10.1063/1.464397},
    url = {https://doi.org/10.1063/1.464397},
    eprint = {https://pubs.aip.org/aip/jcp/article-pdf/98/12/10089/19327766/10089\_1\_online.pdf},
}
@article{hloucha1998fast,
  title={Fast coding of the minimum image convention},
  author={Hloucha, M and Deiters, UK},
  journal={Molecular Simulation},
  volume={20},
  number={4},
  pages={239--244},
  year={1998},
  publisher={Taylor \& Francis}
}
@article{minimumimage,
author = {Deiters, Ulrich},
year = {2013},
month = {03},
pages = {345–352},
title = {Efficient Coding of the Minimum Image Convention},
volume = {227},
journal = {Zeitschrift für Physikalische Chemie},
doi = {10.1524/zpch.2013.0311}
}
@Article{LAMMPS,
  author = "A. P. Thompson and H. M. Aktulga and R. Berger and 
     D. S. Bolintineanu and W. M. Brown and P. S. Crozier and
     P. J. in 't Veld and A. Kohlmeyer and S. G. Moore and T. D. Nguyen and
     R. Shan and M. J. Stevens and J. Tranchida and C. Trott and S. J. Plimpton",
  title = "{LAMMPS} - a flexible simulation tool for
     particle-based materials modeling at the 
     atomic, meso, and continuum scales",
  journal = "Comp. Phys. Comm.",
  volume =  "271",
  pages =   "108171",
  year =    "2022",
  doi = "10.1016/j.cpc.2021.108171"
} 